@misc{Becker2008ImplementationHigh-Level-Trigger,
    title = {{Implementation of a hit reconstruction algorithm for the ALICE Dimuon High-Level-Trigger}},
    year = {2008},
    booktitle = {2008 IEEE Nuclear Science Symposium Conference Record},
    author = {Becker, Bruce and Chattopadhyay, Sukalyan and Cicalo, Corrado and Marras, Davide and Sanyal, Abhijit and Siddhanta, Sabyasachi and Szostak, Artur and Usai, Gianluca},
    pages = {2602--2605},
    publisher = {Ieee},
    url = {http://ieeexplore.ieee.org/lpdocs/epic03/wrapper.htm?arnumber=4774890},
    isbn = {9781424427147},
    doi = {10.1109/NSSMIC.2008.4774890},
    issn = {10823654}
}

@misc{Becker2008TheTrigger,
    title = {{The ALICE Dimuon Spectrometer High Level Trigger}},
    year = {2008},
    booktitle = {2008 IEEE Nuclear Science Symposium Conference Record},
    author = {Becker, Bruce and Chattopadhyay, Sukalyan and Cicalo, Corrado and Das, Indranil and Vaux, Gareth De and Fearick, Roger and Lindenstruth, Volker and Marras, Davide and Sanyal, Abhijit and Siddhanta, Sabyasachi and Staley, Florent and Steinbeck, Timm and Szostak, Artur and Usai, Gianluca and Vilakazi, Zeblon},
    pages = {1846--1850},
    publisher = {Ieee},
    url = {http://ieeexplore.ieee.org/lpdocs/epic03/wrapper.htm?arnumber=4774751},
    isbn = {9781424427147},
    doi = {10.1109/NSSMIC.2008.4774751},
    issn = {10823654}
}

@misc{Alt2006BenchmarksTrigger,
    title = {{Benchmarks and implementation of the ALICE high level trigger}},
    year = {2006},
    booktitle = {IEEE Transactions on Nuclear Science},
    author = {Alt, T and Appelshauser, H and Bablok, S and Becker, B and Chattopadhyay, S and Cheshkov, C and Cicalo, C and Cleymans, J and Fearick, R W and Helstrup, H and Lindenstruth, V and Loizides, C and Richter, M and Rohrich, D and Skaali, B and Staley, F and Steinbeck, T and Szostak, A and Tilsner, H and Ullaland, K and Vaux, G De and Vestbo, A and Vik, T and Vilakazi, Z Z and Wiebalck, A and Vrebekk, G},
    number = {3},
    pages = {854--858},
    volume = {53},
    isbn = {0780391837},
    doi = {10.1109/TNS.2006.873770},
    issn = {00189499}
}

@misc{Richter2010EventCollisions,
    title = {{Event reconstruction performance of the ALICE High Level Trigger for p+p collisions}},
    year = {2010},
    booktitle = {2010 17th IEEENPSS Real Time Conference},
    author = {Richter, M and Aamodt, K and Alt, T and Appelshäuser, H and Arend, A and Becker, B and Böttger, S and Breitner, T and Büsching, H and Cicalo, C and Chattopadhyay, S and Cleymans, J and Das, I and Djuvsland, Ø and Erdal, H and Fearick, R and Gorbunov, S and Haaland, Ø S and Hille, P T and Kalcher, S and Kanaki, K and Kebschull, U and Kisel, I and Kretz, M and Lara, C and Lindal, S and Lindenstruth, V and Masoodi, A A and {\O}vrebekk, G and Panse, R and Peschek, J and Ploskon, M and Pocheptsov, T and Rascanu, T and Ronchetti, F and Rohr, D and Rohrich, D and Skaali, B and Steinbeck, T and Szostak, A and Thäder, J and Tveter, T S and Ullaland, K and Vilakazi, Z and Weis, R and Zelnicek, P},
    pages = {1--6},
    publisher = {IEEE},
    institution = {Department of Physics and Technology, University of Bergen, Norway},
    isbn = {9781424471089},
    doi = {10.1109/RTC.2010.5750346}
}

@article{Richter2011TheALICE,
    title = {{The development of high performance online tracker for High Level Trigger of Muon Spectrometer of ALICE}},
    year = {2011},
    journal = {IEEE Transactions on Nuclear Science},
    author = {Richter, M and Aamodt, K and Alt, T and Appelshauser, H and Arend, A and Becker, B and Bottger, S and Breitner, T and Busching, H and Cicalo, C and Chattopadhyay, S and Cleymans, J and Das, I and Djuvsland, X D and Erdal, H and Fearick, R and Gorbunov, S and Haaland, X D S and Hille, P T and Kalcher, S and Kanaki, K and Kebschull, U and Kisel, I and Kretz, M and Lara, C and Lindal, S and Lindenstruth, V and Masoodi, A A and Ovrebekk, G and Panse, R and Peschek, J and Ploskon, M and Pocheptsov, T and Rascanu, T and Ronchetti, F and Rohr, D and Rohrich, D and Skaali, B and Steinbeck, T and Szostak, A and Thader, J and Tveter, T S and Ullaland, K and Vilakazi, Z and Weis, R and Zelnicek, P},
    number = {4},
    pages = {6},
    volume = {58},
    publisher = {IEEE},
    url = {http://arxiv.org/abs/1105.3791},
    institution = {Department of Physics and Technology, University of Bergen, Norway}
}

@article{Becker2008RealFramework,
    title = {{Real Time Global Tests of the ALICE High Level Trigger Data Transport Framework}},
    year = {2008},
    journal = {IEEE Transactions on Nuclear Science},
    author = {Becker, B and Chattopadhyay, S and Cicalo, C and Cleymans, J and Vaux, G De and Fearick, R W and Lindenstruth, V and Richter, M and Rohrich, D and Staley, F and Steinbeck, T M and Szostak, A and Tilsner, H and Weis, R and Vilakazi, Z Z},
    number = {2},
    pages = {8},
    volume = {55},
    url = {http://arxiv.org/abs/0801.1252}
}

@misc{Richter2007HighExperiment,
    title = {{High Level Trigger Applications for the ALICE Experiment}},
    year = {2007},
    booktitle = {IEEE Transactions on Nuclear Science},
    author = {Richter, M and Aamodt, K and Alt, T and Bablok, S and Cheshkov, C and Hille, P T and Lindenstruth, V and Ovrebekk, G and Ploskon, M and Popescu, S and Rohrich, D and Steinbeck, T M and Thader, J},
    number = {1},
    pages = {133--138},
    volume = {55},
    isbn = {9781424408672},
    doi = {10.1109/TNS.2007.913469},
    issn = {00189499}
}

@article{Andronico2011E-InfrastructuresView,
    title = {{e-Infrastructures for e-Science: A Global View}},
    year = {2011},
    journal = {Journal of Grid Computing},
    author = {Andronico, Giuseppe and Ardizzone, Valeria and Barbera, Roberto and Becker, Bruce and Bruno, Riccardo and Calanducci, Antonio and Carvalho, Diego and Ciuffo, Leandro and Fargetta, Marco and Giorgio, Emidio and Rocca, Giuseppe and Masoni, Alberto and Paganoni, Marco and Ruggieri, Federico and Scardaci, Diego},
    number = {2},
    pages = {155--184},
    volume = {9},
    publisher = {Springer Netherlands},
    url = {http://www.springerlink.com/index/10.1007/s10723-011-9187-y},
    doi = {10.1007/s10723-011-9187-y},
    issn = {15707873}
}

@misc{Gorbunov2011ALICEGPU,
    title = {{ALICE HLT High Speed Tracking on GPU}},
    year = {2011},
    booktitle = {IEEE Transactions on Nuclear Science},
    author = {Gorbunov, Sergey and Rohr, David and Aamodt, Kenneth and Alt, Torsten and Appelshauser, Harald and Arend, Andreas and Bach, Matthias and Becker, Bruce and Bottger, Stefan and Breitner, Timo and Busching, Henner and Chattopadhyay, Sukalyan and Cleymans, Jean and Cicalo, Corrado and Das, Indranil and Djuvsland, X D Ystein and Engel, Heikofname and Erdal, Hege Austrheim and Fearick, Roger and Haaland, X D Ystein Senneset and Hille, Per Thomas and Kalcher, Sebastian and Kanaki, Kalliopi and Kebschull, Udo Wolfgang and Kisel, Ivan and Kretz, Matthias and Lara, Camilo and Lindal, Svein and Lindenstruth, Volker and Masoodi, Arshad Ahmad and Ovrebekk, Gaute and Panse, Ralf and Peschek, J X F Rg and Ploskon, Mateusz and Pocheptsov, Timur and Ram, Dinesh and Rascanu, Theodor and Richter, Matthias and Rohrich, Dieter and Ronchetti, Federico and Skaali, Bernhard and Smorholm, Olav and Stokkevag, Camilla and Steinbeck, Timm Morten and Szostak, Artur and Thader, Jochen and Tveter, Trine and Ullaland, Kjetil and Vilakazi, Zeblon and Weis, Robert and Yin, Zhongbao and Zelnicek, Pierre},
    number = {4},
    pages = {1845--1851},
    volume = {58},
    publisher = {IEEE},
    institution = {Frankfurt Institut f{\&}{\#}x00FC;r Informatik IfI, Frankfurt Institut for Advanced Studies FIAS, Frankfurt, Germany},
    issn = {00189499},
    keywords = {data processing, high energy physics instrumentation computing, parallel algorithms, reconstruction algorithms}
}

@misc{Gorbunov2010ALICEVertexing,
    title = {{ALICE HLT high speed tracking and vertexing}},
    year = {2010},
    booktitle = {2010 17th IEEENPSS Real Time Conference},
    author = {Gorbunov, S and Aamodt, K and Alt, T and Appelshauser, H and Arend, A and Becker, B and Bottger, S and Breitner, T and Busching, H and Chattopadhyay, S and Cleymans, J and Das, I and Djuvsland, O and Erdal, H and Fearick, R and Haaland, O S and Hille, P T and Kalcher, S and Kanaki, K and Kebschull, U and Kisel, I and Kretz, M and Lara, C and Lindal, S and Lindenstruth, V and Masoodi, A A and Ovrebekk, G and Panse, R and Peschek, J and Ploskon, M and Richter, M and Rohr, D and Rohrich, D and Skaali, B and Steinbeck, T and Szostak, A and Thader, J and Tveter, T and Ullaland, K and Vilakazi, Z and Weis, R and Zelnicek, P},
    pages = {1--4},
    publisher = {IEEE},
    institution = {Frankfurt Institut f{\&}{\#}x00FC;r Informatik IfI, Frankfurt Institut fr Advanced Studies FIAS, Ruth-Moufang-Str. 1, 60438, Germany},
    isbn = {9781424471096},
    doi = {10.1109/RTC.2010.5750344}
}

@misc{TheMendeleySupportTeam2011GettingMendeley,
    title = {{Getting Started with Mendeley}},
    year = {2011},
    booktitle = {Mendeley Desktop},
    author = {{The Mendeley Support Team}},
    pages = {1--16},
    publisher = {Mendeley Ltd.},
    url = {http://www.mendeley.com},
    address = {London},
    keywords = {Mendeley, how-to, user manual}
}

@misc{ALICECollaboration2010TransverseLHC,
    title = {{Transverse momentum spectra of charged particles in proton-proton collisions at {\$}{\textbackslash}sqrt{\{}s{\}} = 900{\$}{\~{}}GeV with ALICE at the LHC}},
    year = {2010},
    author = {{ALICE Collaboration} and Aamodt, K. and Abel, N. and Abeysekara, U. and Quintana, A. Abrahantes and Abramyan, A. and Adamova, D. and Aggarwal, M. M. and Rinella, G. Aglieri and Agocs, A. G. and Salazar, S. Aguilar and Ahammed, Z. and Ahmad, A. and Ahmad, N. and Ahn, S. U. and Akimoto, R. and Akindinov, A. and Aleksandrov, D. and Alessandro, B. and Molina, R. Alfaro and Alici, A. and Avina, E. Almaraz and Alme, J. and Alt, T. and Altini, V. and Altinpinar, S. and Andrei, C. and Andronic, A. and Anelli, G. and Angelov, V. and Anson, C. and Anticic, T. and Antinori, F. and Antinori, S. and Antipin, K. and Antonczyk, D. and Antonioli, P. and Anzo, A. and Aphecetche, L. and Appelsh{\"{a}}user, H. and Arcelli, S. and Arceo, R. and Arend, A. and Armesto, N. and Arnaldi, R. and Aronsson, T. and Arsene, I. C. and Asryan, A. and Augustinus, A. and Averbeck, R. and Awes, T. C. and {\"{A}}yst{\"{o}}, J. and Azmi, M. D. and Bablok, S. and Bach, M. and Badal{\`{a}}, A. and Baek, Y. W. and Bagnasco, S. and Bailhache, R. and Bala, R. and Baldisseri, A. and Baldit, A. and Ban, J. and Barbera, R. and Barnaf{\"{o}}ldi, G. G. and Barnby, L. and Barret, V. and Bartke, J. and Barile, F. and Basile, M. and Basmanov, V. and Bastid, N. and Bathen, B. and Batigne, G. and Batyunya, B. and Baumann, C. and Bearden, I. G. and Becker, B. and Belikov, I. and Bellwied, R. and Belmont-Moreno, E. and Belogianni, A. and Benhabib, L. and Beole, S. and Berceanu, I. and Bercuci, A. and Berdermann, E. and Berdnikov, Y. and Betev, L. and Bhasin, A. and Bhati, A. K. and Bianchi, L. and Bianchi, N. and Bianchin, C. and Bielcik, J. and Bielcikova, J. and Bilandzic, A. and Bimbot, L. and Biolcati, E. and Blanc, A. and Blanco, F. and Blau, D. and Blume, C. and Boccioli, M. and Bock, N. and Bogdanov, A. and Boggild, H. and Bogolyubsky, M. and Bohm, J. and Boldizsar, L. and Bombara, M. and Bombonati, C. and Bondila, M. and Borel, H. and Borisov, A. and Bortolin, C. and Bose, S. and Bosisio, L. and Bossu, F. and Botje, M. and B{\"{o}}ttger, S. and Bourdaud, G. and Boyer, B. and Braun, M. and Braun-Munzinger, P. and Bravina, L. and Bregant, M. and Breitner, T. and Bruckner, G. and Brun, R. and Bruna, E. and Bruno, G. E. and Budnikov, D. and Buesching, H. and Buncic, P. and Busch, O. and Buthelezi, Z. and Caffarri, D. and Cai, X. and Caines, H. and Calvo, E. and Camacho, E. and Camerini, P. and Campbell, M. and Roman, V. Canoa and Capitani, G. P. and Romeo, G. Cara and Carena, F. and Carena, W. and Carminati, F. and Diaz, A. Casanova and Caselle, M. and Castellanos, J. Castillo and Hernandez, J. F. Castillo and Catanescu, V. and Cattaruzza, E. and Cavicchioli, C. and Cerello, P. and Chambert, V. and Chang, B. and Chapeland, S. and Charpy, A. and Charvet, J. L. and Chattopadhyay, S. and Cherney, M. and Cheshkov, C. and Cheynis, B. and Chiavassa, E. and Barroso, V. Chibante and Chinellato, D. D. and Chochula, P. and Choi, K. and Chojnacki, M. and Christakoglou, P. and Christensen, C. H. and Christiansen, P. and Chujo, T. and Chuman, F. and Cicalo, C. and Cifarelli, L. and Cindolo, F. and Cleymans, J. and Cobanoglu, O. and Coffin, J. -P. and Coli, S. and Colla, A. and Balbastre, G. Conesa and del Valle, Z. Conesa and Conner, E. S. and Constantin, P. and Contin, G. and Contreras, J. G. and Morales, Y. Corrales and Cormier, T. M. and Cortese, P. and Maldonado, I. Cortes and Cosentino, M. R. and Costa, F. and Cotallo, M. E. and Crescio, E. and Crochet, P. and Cuautle, E. and Cunqueiro, L. and Cussonneau, J. and Dainese, A. and Dalsgaard, H. H. and Danu, A. and Das, I. and Dash, A. and Dash, S. and de Barros, G. O. V. and De Caro, A. and de Cataldo, G. and de Cuveland, J. and De Falco, A. and De Gaspari, M. and de Groot, J. and De Gruttola, D. and De Marco, N. and De Pasquale, S. and De Remigis, R. and de Rooij, R. and de Vaux, G. and Delagrange, H. and Delgado, Y. and Dellacasa, G. and Deloff, A. and Demanov, V. and Denes, E. and Deppman, A. and D'Erasmo, G. and Derkach, D. and Devaux, A. and Di Bari, D. and Di Giglio, C. and Di Liberto, S. and Di Mauro, A. and Di Nezza, P. and Dialinas, M. and Diaz, L. and Diaz, R. and Dietel, T. and Divi{\`{a}}, R. and Djuvsland, O. and Dobretsov, V. and Dobrin, A. and Dobrowolski, T. and D{\"{o}}nigus, B. and Dominguez, I. and Don, D. M. M. and Dordic, O. and Dubey, A. K. and Dubuisson, J. and Ducroux, L. and Dupieux, P. and Majumdar, A. K. Dutta and Majumdar, M. R. Dutta and Elia, D. and Emschermann, D. and Enokizono, A. and Espagnon, B. and Estienne, M. and Esumi, S. and Evans, D. and Evrard, S. and Eyyubova, G. and Fabjan, C. W. and Fabris, D. and Faivre, J. and Falchieri, D. and Fantoni, A. and Fasel, M. and Fateev, O. and Fearick, R. and Fedunov, A. and Fehlker, D. and Fekete, V. and Felea, D. and Fenton-Olsen, B. and Feofilov, G. and Tellez, A. Fernandez and Ferreiro, E. G. and Ferretti, A. and Ferretti, R. and Figueredo, M. A. S. and Filchagin, S. and Fini, R. and Fionda, F. M. and Fiore, E. M. and Floris, M. and Fodor, Z. and Foertsch, S. and Foka, P. and Fokin, S. and Formenti, F. and Fragiacomo, E. and Fragkiadakis, M. and Frankenfeld, U. and Frolov, A. and Fuchs, U. and Furano, F. and Furget, C. and Girard, M. Fusco and Gaardhoje, J. J. and Gadrat, S. and Gagliardi, M. and Gago, A. and Gallio, M. and Ganoti, P. and Ganti, M. S. and Garabatos, C. and Trapaga, C. Garcia and Gebelein, J. and Gemme, R. and Germain, M. and Gheata, A. and Gheata, M. and Ghidini, B. and Ghosh, P. and Giraudo, G. and Giubellino, P. and Gladysz-Dziadus, E. and Glasow, R. and Gl{\"{a}}ssel, P. and Glenn, A. and Jimenez, R. Gomez and Santos, H. Gonzalez and Gonzalez-Trueba, L. H. and Gonzalez-Zamora, P. and Gorbunov, S. and Gorbunov, Y. and Gotovac, S. and Gottschlag, H. and Grabski, V. and Grajcarek, R. and Grelli, A. and Grigoras, A. and Grigoras, C. and Grigoriev, V. and Grigoryan, A. and Grigoryan, S. and Grinyov, B. and Grion, N. and Gros, P. and Grosse-Oetringhaus, J. F. and Grossiord, J. -Y. and Grosso, R. and Guber, F. and Guernane, R. and Guerra, C. and Guerzoni, B. and Gulbrandsen, K. and Gulkanyan, H. and Gunji, T. and Gupta, A. and Gupta, R. and Gustafsson, H. -A. and Gutbrod, H. and Haaland, O. and Hadjidakis, C. and Haiduc, M. and Hamagaki, H. and Hamar, G. and Hamblen, J. and Han, B. H. and Harris, J. W. and Hartig, M. and Harutyunyan, A. and Hasch, D. and Hasegan, D. and Hatzifotiadou, D. and Hayrapetyan, A. and Heide, M. and Heinz, M. and Helstrup, H. and Herghelegiu, A. and Hernandez, C. and Corral, G. Herrera and Herrmann, N. and Hetland, K. F. and Hicks, B. and Hiei, A. and Hille, P. T. and Hippolyte, B. and Horaguchi, T. and Hori, Y. and Hristov, P. and Hrivnacova, I. and Hu, S. and Huang, M. and Huber, S. and Humanic, T. J. and Hutter, D. and Hwang, D. S. and Ichou, R. and Ilkaev, R. and Ilkiv, I. and Inaba, M. and Innocenti, P. G. and Ippolitov, M. and Irfan, M. and Ivan, C. and Ivanov, A. and Ivanov, M. and Ivanov, V. and Iwasaki, T. and Jacholkowski, A. and Jacobs, P. and Jancurova, L. and Jangal, S. and Janik, R. and Jena, C. and Jena, S. and Jirden, L. and Jones, G. T. and Jones, P. G. and Jovanovic, P. and Jung, H. and Jung, W. and Jusko, A. and Kaidalov, A. B. and Kalcher, S. and Kalinak, P. and Kalisky, M. and Kalliokoski, T. and Kalweit, A. and Kamal, A. and Kamermans, R. and Kanaki, K. and Kang, E. and Kang, J. H. and Kapitan, J. and Kaplin, V. and Kapusta, S. and Karavichev, O. and Karavicheva, T. and Karpechev, E. and Kazantsev, A. and Kebschull, U. and Keidel, R. and Khan, M. M. and Khan, S. A. and Khanzadeev, A. and Kharlov, Y. and Kikola, D. and Kileng, B. and Kim, D. J and Kim, D. S. and Kim, D. W. and Kim, H. N. and Kim, J. and Kim, J. H. and Kim, J. S. and Kim, M. and Kim, S. H. and Kim, S. and Kim, Y. and Kirsch, S. and Kisel, I. and Kiselev, S. and Kisiel, A. and Klay, J. L. and Klein, J. and Klein-B{\"{o}}sing, C. and Kliemant, M. and Klovning, A. and Kluge, A. and Knichel, M. L. and Kniege, S. and Koch, K. and Kolevatov, R. and Kolojvari, A. and Kondratiev, V. and Kondratyeva, N. and Konevskih, A. and Kornas, E. and Kour, R. and Kowalski, M. and Kox, S. and Kozlov, K. and Kral, J. and Kralik, I. and Kramer, F. and Kraus, I. and Kravcakova, A. and Krawutschke, T. and Krivda, M. and Krumbhorn, D. and Krus, M. and Kryshen, E. and Krzewicki, M. and Kucheriaev, Y. and Kuhn, C. and Kuijer, P. G. and Kumar, L. and Kumar, N. and Kupczak, R. and Kurashvili, P. and Kurepin, A. and Kurepin, A. N. and Kuryakin, A. and Kushpil, S. and Kushpil, V. and Kutouski, M. and Kvaerno, H. and Kweon, M. J. and Kwon, Y. and La Rocca, P. and Lackner, F. and de Guevara, P. Ladron and Lafage, V. and Lal, C. and Lara, C. and Larsen, D. T. and Laurenti, G. and Lazzeroni, C. and Bornec, Y. Le and Bris, N. Le and Lee, H. and Lee, K. S. and Lee, S. C. and Lef{\`{e}}vre, F. and Lenhardt, M. and Leistam, L. and Lehnert, J. and Lenti, V. and Leon, H. and Monzon, I. Leon and Vargas, H. Leon and Levai, P. and Li, X. and Li, Y. and Lietava, R. and Lindal, S. and Lindenstruth, V. and Lippmann, C. and Lisa, M. A. and Liu, L. and Loginov, V. and Lohn, S. and Lopez, X. and Noriega, M. Lopez and Lopez-Ramirez, R. and Torres, E. Lopez and Lovhoiden, G. and Soares, A. Lozea Feijo and Lu, S. and Luettig, P. and Lunardon, M. and Luparello, G. and Luquin, L. and Lutz, J. -R. and Ma, K. and Ma, R. and Madagodahettige-Don, D. M. and Maevskaya, A. and Mager, M. and Mahapatra, D. P. and Maire, A. and Makhlyueva, I. and Mal'Kevich, D. and Malaev, M. and Malagalage, K. J. and Cervantes, I. Maldonado and Malek, M. and Malkiewicz, T. and Malzacher, P. and Mamonov, A. and Manceau, L. and Mangotra, L. and Manko, V. and Manso, F. and Manzari, V. and Mao, Y. and Mares, J. and Margagliotti, G. V. and Margotti, A. and Marin, A. and Martashvili, I. and Martinengo, P. and Hernandez, M. I. Martinez and Davalos, A. Martinez and Garcia, G. Martinez and Maruyama, Y. and Chiesa, A. Marzari and Masciocchi, S. and Masera, M. and Masetti, M. and Masoni, A. and Massacrier, L. and Mastromarco, M. and Mastroserio, A. and Matthews, Z. L. and Matyja, A. and Mayani, D. and Mazza, G. and Mazzoni, M. A. and Meddi, F. and Menchaca-Rocha, A. and Lorenzo, P. Mendez and Meoni, M. and Perez, J. Mercado and Mereu, P. and Miake, Y. and Michalon, A. and Miftakhov, N. and Milano, L. and Milosevic, J. and Minafra, F. and Mischke, A. and Miskowiec, D. and Mitu, C. and Mizoguchi, K. and Mlynarz, J. and Mohanty, B. and Molnar, L. and Mondal, M. M. and Zetina, L. Montano and Monteno, M. and Montes, E. and Morando, M. and Moretto, S. and Morsch, A. and Moukhanova, T. and Muccifora, V. and Mudnic, E. and Muhuri, S. and M{\"{u}}ller, H. and Munhoz, M. G. and Munoz, J. and Musa, L. and Musso, A. and Nandi, B. K. and Nania, R. and Nappi, E. and Navach, F. and Navin, S. and Nayak, T. K. and Nazarenko, S. and Nazarov, G. and Nedosekin, A. and Nendaz, F. and Newby, J. and Nianine, A. and Nicassio, M. and Nielsen, B. S. and Nikolaev, S. and Nikolic, V. and Nikulin, S. and Nikulin, V. and Nilsen, B. S. and Nilsson, M. S. and Noferini, F. and Nomokonov, P. and Nooren, G. and Novitzky, N. and Nyatha, A. and Nygaard, C. and Nyiri, A. and Nystrand, J. and Ochirov, A. and Odyniec, G. and Oeschler, H. and Oinonen, M. and Okada, K. and Okada, Y. and Oldenburg, M. and Oleniacz, J. and Oppedisano, C. and Orsini, F. and Velasquez, A. Ortiz and Ortona, G. and Oskarsson, A. and Osmic, F. and {\"{O}}sterman, L. and Ostrowski, P. and Otterlund, I. and Otwinowski, J. and Ovrebekk, G. and Oyama, K. and Ozawa, K. and Pachmayer, Y. and Pachr, M. and Padilla, F. and Pagano, P. and Paic, G. and Painke, F. and Pajares, C. and Pal, S. and Pal, S. K. and Palaha, A. and Palmeri, A. and Panse, R. and Papikyan, V. and Pappalardo, G. S. and Park, W. J. and Pastircak, B. and Pastore, C. and Paticchio, V. and Pavlinov, A. and Pawlak, T. and Peitzmann, T. and Pepato, A. and Pereira, H. and Peressounko, D. and Perez, C. and Perini, D. and Perrino, D. and Peryt, W. and Peschek, J. and Pesci, A. and Peskov, V. and Pestov, Y. and Peters, A. J. and Petracek, V. and Petridis, A. and Petris, M. and Petrov, P. and Petrovici, M. and Petta, C. and Peyre, J. and Piano, S. and Piccotti, A. and Pikna, M. and Pillot, P. and Pinazza, O. and Pinsky, L. and Pitz, N. and Piuz, F. and Platt, R. and Ploskon, M. and Pluta, J. and Pocheptsov, T. and Pochybova, S. and Lerma, P. L. M. Podesta and Poggio, F. and Poghosyan, M. G. and Polak, K. and Polichtchouk, B. and Polozov, P. and Polyakov, V. and Pommeresch, B. and Pop, A. and Posa, F. and Pospisil, V. and Potukuchi, B. and Pouthas, J. and Prasad, S. K. and Preghenella, R. and Prino, F. and Pruneau, C. A. and Pshenichnov, I. and Puddu, G. and Pujahari, P. and Pulvirenti, A. and Punin, A. and Punin, V. and Putis, M. and Putschke, J. and Quercigh, E. and Rachevski, A. and Rademakers, A. and Radomski, S. and R{\"{a}}ih{\"{a}}, T. S. and Rak, J. and Rakotozafindrabe, A. and Ramello, L. and Reyes, A. Ramirez and Rammler, M. and Raniwala, R. and Raniwala, S. and R{\"{a}}s{\"{a}}nen, S. S. and Rashevskaya, I. and Rath, S. and Read, K. F. and Real, J. S. and Redlich, K. and Renfordt, R. and Reolon, A. R. and Reshetin, A. and Rettig, F. and Revol, J. -P. and Reygers, K. and Ricaud, H. and Riccati, L. and Ricci, R. A. and Richter, M. and Riedler, P. and Riegler, W. and Riggi, F. and Rivetti, A. and Cahuantzi, M. Rodriguez and Roed, K. and R{\"{o}}hrich, D. and Lopez, S. Roman and Romita, R. and Ronchetti, F. and Rosinsky, P. and Rosnet, P. and Rossegger, S. and Rossi, A. and Roukoutakis, F. and Rousseau, S. and Roy, C. and Roy, P. and Rubio-Montero, A. J. and Rui, R. and Rusanov, I. and Russo, G. and Ryabinkin, E. and Rybicki, A. and Sadovsky, S. and Safarik, K. and Sahoo, R. and Saini, J. and Saiz, P. and Sakata, D. and Salgado, C. A. and da Silva, R. Salgueiro Domingues and Salur, S. and Samanta, T. and Sambyal, S. and Samsonov, V. and Sandor, L. and Sandoval, A. and Sano, M. and Sano, S. and Santo, R. and Santoro, R. and Sarkamo, J. and Saturnini, P. and Scapparone, E. and Scarlassara, F. and Scharenberg, R. P. and Schiaua, C. and Schicker, R. and Schindler, H. and Schmidt, C. and Schmidt, H. R. and Schossmaier, K. and Schreiner, S. and Schuchmann, S. and Schukraft, J. and Schutz, Y. and Schwarz, K. and Schweda, K. and Scioli, G. and Scomparin, E. and Scott, P. A. and Segato, G. and Semenov, D. and Senyukov, S. and Seo, J. and Serci, S. and Serkin, L. and Serradilla, E. and Sevcenco, A. and Sgura, I. and Shabratova, G. and Shahoyan, R. and Sharkov, G. and Sharma, N. and Sharma, S. and Shigaki, K. and Shimomura, M. and Shtejer, K. and Sibiriak, Y. and Siciliano, M. and Sicking, E. and Siddi, E. and Siemiarczuk, T. and Silenzi, A. and Silvermyr, D. and Simili, E. and Simonetti, G. and Singaraju, R. and Singh, R. and Singhal, V. and Sinha, B. C. and Sinha, T. and Sitar, B. and Sitta, M. and Skaali, T. B. and Skjerdal, K. and Smakal, R. and Smirnov, N. and Snellings, R. and Snow, H. and Sogaard, C. and Soloviev, A. and Soltveit, H. K. and Soltz, R. and Sommer, W. and Son, C. W. and Son, H. and Song, M. and Soos, C. and Soramel, F. and Soyk, D. and Spyropoulou-Stassinaki, M. and Srivastava, B. K. and Stachel, J. and Staley, F. and Stan, E. and Stefanek, G. and Stefanini, G. and Steinbeck, T. and Stenlund, E. and Steyn, G. and Stocco, D. and Stock, R. and Stolpovsky, P. and Strmen, P. and Suaide, A. A. P. and Vasquez, M. A. Subieta and Sugitate, T. and Suire, C. and Sumbera, M. and Susa, T. and Swoboda, D. and Symons, J. and de Toledo, A. Szanto and Szarka, I. and Szostak, A. and Szuba, M. and Tadel, M. and Tagridis, C. and Takahara, A. and Takahashi, J. and Tanabe, R. and Takaki, J. D. Tapia and Taureg, H. and Tauro, A. and Tavlet, M. and Munoz, G. Tejeda and Telesca, A. and Terrevoli, C. and Th{\"{a}}der, J. and Tieulent, R. and Tlusty, D. and Toia, A. and Tolyhy, T. and de Matos, C. Torcato and Torii, H. and Torralba, G. and Toscano, L. and Tosello, F. and Tournaire, A. and Traczyk, T. and Tribedy, P. and Tr{\"{o}}ger, G. and Truesdale, D. and Trzaska, W. H. and Tsiledakis, G. and Tsilis, E. and Tsuji, T. and Tumkin, A. and Turrisi, R. and Turvey, A. and Tveter, T. S. and Tydesj{\"{o}}, H. and Tywoniuk, K. and Ulery, J. and Ullaland, K. and Uras, A. and Urban, J. and Urciuoli, G. M. and Usai, G. L. and Vacchi, A. and Vala, M. and Palomo, L. Valencia and Vallero, S. and van der Kolk, N. and Vyvre, P. Vande and van Leeuwen, M. and Vannucci, L. and Vargas, A. and Varma, R. and Vasiliev, A. and Vassiliev, I. and Vasileiou, M. and Vechernin, V. and Venaruzzo, M. and Vercellin, E. and Vergara, S. and Vernet, R. and Verweij, M. and Vetlitskiy, I. and Vickovic, L. and Viesti, G. and Vikhlyantsev, O. and Vilakazi, Z. and Baillie, O. Villalobos},
    month = {7}
}

@article{Aamodt2010MidrapidityExperiment,
    title = {{Midrapidity Antiproton-to-Proton Ratio in pp Collisons at sqrt[s]=0.9 and 7 TeV Measured by the ALICE Experiment}},
    year = {2010},
    journal = {Physical Review Letters},
    author = {Aamodt, K. and Abel, N. and Abeysekara, U. and Abrahantes Quintana, A. and Abramyan, A. and Adamov{\'{a}}, D. and Aggarwal, M. M. and Aglieri Rinella, G. and Agocs, A. G. and Aguilar Salazar, S. and Ahammed, Z. and Ahmad, A. and Ahmad, N. and Ahn, S. U. and Akimoto, R. and Akindinov, A. and Aleksandrov, D. and Alessandro, B. and Alfaro Molina, R. and Alici, A. and Almar{\'{a}}z Avi{\~{n}}a, E. and Alme, J. and Alt, T. and Altini, V. and Altinpinar, S. and Andrei, C. and Andronic, A. and Anelli, G. and Angelov, V. and Anson, C. and Anti{\v{c}}i{\'{c}}, T. and Antinori, F. and Antinori, S. and Antipin, K. and Anto{\'{n}}czyk, D. and Antonioli, P. and Anzo, A. and Aphecetche, L. and Appelsh{\"{a}}user, H. and Arcelli, S. and Arceo, R. and Arend, A. and Armesto, N. and Arnaldi, R. and Aronsson, T. and Arsene, I. C. and Asryan, A. and Augustinus, A. and Averbeck, R. and Awes, T. C. and {\"{A}}yst{\"{o}}, J. and Azmi, M. D. and Bablok, S. and Bach, M. and Badal{\`{a}}, A. and Baek, Y. W. and Bagnasco, S. and Bailhache, R. and Bala, R. and Baldisseri, A. and Baldit, A. and B{\'{a}}n, J. and Barbera, R. and Barnaf{\"{o}}ldi, G. G. and Barnby, L. S. and Barret, V. and Bartke, J. and Barile, F. and Basile, M. and Basmanov, V. and Bastid, N. and Bathen, B. and Batigne, G. and Batyunya, B. and Baumann, C. and Bearden, I. G. and Becker, B. and Belikov, I. and Bellwied, R. and Belmont-Moreno, E. and Belogianni, A. and Benhabib, L. and Beole, S. and Berceanu, I. and Bercuci, A. and Berdermann, E. and Berdnikov, Y. and Betev, L. and Bhasin, A. and Bhati, A. K. and Bianchi, L. and Bianchi, N. and Bianchin, C. and Biel{\v{c}}{\'{i}}k, J. and Biel{\v{c}}{\'{i}}kov{\'{a}}, J. and Bilandzic, A. and Bimbot, L. and Biolcati, E. and Blanc, A. and Blanco, F. and Blau, D. and Blume, C. and Boccioli, M. and Bock, N. and Bogdanov, A. and B{\o}ggild, H. and Bogolyubsky, M. and Bohm, J. and Boldizs{\'{a}}r, L. and Bombara, M. and Bombonati, C. and Bondila, M. and Borel, H. and Borisov, A. and Bortolin, C. and Bose, S. and Bosisio, L. and Boss{\'{u}}, F. and Botje, M. and B{\"{o}}ttger, S. and Bourdaud, G. and Boyer, B. and Braun, M. and Braun-Munzinger, P. and Bravina, L. and Bregant, M. and Breitner, T. and Bruckner, G. and Brun, R. and Bruna, E. and Bruno, G. E. and Budnikov, D. and Buesching, H. and Buncic, P. and Busch, O. and Buthelezi, Z. and Caffarri, D. and Cai, X. and Caines, H. and Calvo, E. and Camacho, E. and Camerini, P. and Campbell, M. and Canoa Roman, V. and Capitani, G. P. and Cara Romeo, G. and Carena, F. and Carena, W. and Carminati, F. and Casanova D{\'{i}}az, A. and Caselle, M. and Castillo Castellanos, J. and Castillo Hernandez, J. F. and Catanescu, V. and Cattaruzza, E. and Cavicchioli, C. and Cerello, P. and Chambert, V. and Chang, B. and Chapeland, S. and Charpy, A. and Charvet, J. L. and Chattopadhyay, S. and Cherney, M. and Cheshkov, C. and Cheynis, B. and Chiavassa, E. and Chibante Barroso, V. and Chinellato, D. D. and Chochula, P. and Choi, K. and Chojnacki, M. and Christakoglou, P. and Christensen, C. H. and Christiansen, P. and Chujo, T. and Chuman, F. and Cicalo, C. and Cifarelli, L. and Cindolo, F. and Cleymans, J. and Cobanoglu, O. and Coffin, J.-P. and Coli, S. and Colla, A. and Conesa Balbastre, G. and Conesa del Valle, Z. and Conner, E. S. and Constantin, P. and Contin, G. and Contreras, J. G. and Corrales Morales, Y. and Cormier, T. M. and Cortese, P. and Cort{\'{e}}s Maldonado, I. and Cosentino, M. R. and Costa, F. and Cotallo, M. E. and Crescio, E. and Crochet, P. and Cuautle, E. and Cunqueiro, L. and Cussonneau, J. and Dainese, A. and Dalsgaard, H. H. and Danu, A. and Das, I. and Dash, A. and Dash, S. and de Barros, G. O. V. and De Caro, A. and de Cataldo, G. and de Cuveland, J. and De Falco, A. and De Gaspari, M. and de Groot, J. and De Gruttola, D. and De Marco, N. and De Pasquale, S. and De Remigis, R. and de Rooij, R. and de Vaux, G. and Delagrange, H. and Delgado, Y. and Dellacasa, G. and Deloff, A. and Demanov, V. and D{\'{e}}nes, E. and Deppman, A. and D’Erasmo, G. and Derkach, D. and Devaux, A. and Di Bari, D. and Di Giglio, C. and Di Liberto, S. and Di Mauro, A. and Di Nezza, P. and Dialinas, M. and D{\'{i}}az, L. and D{\'{i}}az, R. and Dietel, T. and Divi{\`{a}}, R. and Djuvsland, Ø. and Dobretsov, V. and Dobrin, A. and Dobrowolski, T. and D{\"{o}}nigus, B. and Dom{\'{i}}nguez, I. and Don, D. M. M. and Dordic, O. and Dubey, A. K. and Dubuisson, J. and Ducroux, L. and Dupieux, P. and Dutta Majumdar, A. K. and Dutta Majumdar, M. R. and Elia, D. and Emschermann, D. and Enokizono, A. and Espagnon, B. and Estienne, M. and Esumi, S. and Evans, D. and Evrard, S. and Eyyubova, G. and Fabjan, C. W. and Fabris, D. and Faivre, J. and Falchieri, D. and Fantoni, A. and Fasel, M. and Fateev, O. and Fearick, R. and Fedunov, A. and Fehlker, D. and Fekete, V. and Felea, D. and Fenton-Olsen, B. and Feofilov, G. and Fern{\'{a}}ndez T{\'{e}}llez, A. and Ferreiro, E. G. and Ferretti, A. and Ferretti, R. and Figueredo, M. A. S. and Filchagin, S. and Fini, R. and Fionda, F. M. and Fiore, E. M. and Floris, M. and Fodor, Z. and Foertsch, S. and Foka, P. and Fokin, S. and Formenti, F. and Fragiacomo, E. and Fragkiadakis, M. and Frankenfeld, U. and Frolov, A. and Fuchs, U. and Furano, F. and Furget, C. and Fusco Girard, M. and Gaardh{\o}je, J. J. and Gadrat, S. and Gagliardi, M. and Gago, A. and Gallio, M. and Ganoti, P. and Ganti, M. S. and Garabatos, C. and Garc{\'{i}}a Trapaga, C. and Gebelein, J. and Gemme, R. and Germain, M. and Gheata, A. and Gheata, M. and Ghidini, B. and Ghosh, P. and Giraudo, G. and Giubellino, P. and Gladysz-Dziadus, E. and Glasow, R. and Gl{\"{a}}ssel, P. and Glenn, A. and G{\'{o}}mez Jim{\'{e}}nez, R. and Gonz{\'{a}}lez Santos, H. and Gonz{\'{a}}lez-Trueba, L. H. and Gonz{\'{a}}lez-Zamora, P. and Gorbunov, S. and Gorbunov, Y. and Gotovac, S. and Gottschlag, H. and Grabski, V. and Grajcarek, R. and Grelli, A. and Grigoras, A. and Grigoras, C. and Grigoriev, V. and Grigoryan, A. and Grigoryan, S. and Grinyov, B. and Grion, N. and Gros, P. and Grosse-Oetringhaus, J. F. and Grossiord, J.-Y. and Grosso, R. and Guber, F. and Guernane, R. and Guerra, C. and Guerzoni, B. and Gulbrandsen, K. and Gulkanyan, H. and Gunji, T. and Gupta, A. and Gupta, R. and Gustafsson, H.-A. and Gutbrod, H. and Haaland, Ø. and Hadjidakis, C. and Haiduc, M. and Hamagaki, H. and Hamar, G. and Hamblen, J. and Han, B. H. and Harris, J. W. and Hartig, M. and Harutyunyan, A. and Hasch, D. and Hasegan, D. and Hatzifotiadou, D. and Hayrapetyan, A. and Heide, M. and Heinz, M. and Helstrup, H. and Herghelegiu, A. and Hern{\'{a}}ndez, C. and Herrera Corral, G. and Herrmann, N. and Hetland, K. F. and Hicks, B. and Hiei, A. and Hille, P. T. and Hippolyte, B. and Horaguchi, T. and Hori, Y. and Hristov, P. and H{\v{r}}ivn{\'{a}}{\v{c}}ov{\'{a}}, I. and Hu, S. and Huang, M. and Huber, S. and Humanic, T. J. and Hutter, D. and Hwang, D. S. and Ichou, R. and Ilkaev, R. and Ilkiv, I. and Inaba, M. and Innocenti, P. G. and Ippolitov, M. and Irfan, M. and Ivan, C. and Ivanov, A. and Ivanov, M. and Ivanov, V. and Iwasaki, T. and Jacho{\l}kowski, A. and Jacobs, P. and Jan{\v{c}}urov{\'{a}}, L. and Jangal, S. and Janik, R. and Jena, C. and Jena, S. and Jirden, L. and Jones, G. T. and Jones, P. G. and Jovanovi{\'{c}}, P. and Jung, H. and Jung, W. and Jusko, A. and Kaidalov, A. B. and Kalcher, S. and Kaliň{\'{a}}k, P. and Kalisky, M. and Kalliokoski, T. and Kalweit, A. and Kamal, A. and Kamermans, R. and Kanaki, K. and Kang, E. and Kang, J. H. and Kapitan, J. and Kaplin, V. and Kapusta, S. and Karavichev, O. and Karavicheva, T. and Karpechev, E. and Kazantsev, A. and Kebschull, U. and Keidel, R. and Khan, M. M. and Khan, S. A. and Khanzadeev, A. and Kharlov, Y. and Kikola, D. and Kileng, B. and Kim, D. J. and Kim, D. S. and Kim, D. W. and Kim, H. N. and Kim, J. and Kim, J. H. and Kim, J. S. and Kim, M. and Kim, S. H. and Kim, S. and Kim, Y. and Kirsch, S. and Kisel, I. and Kiselev, S. and Kisiel, A. and Klay, J. L. and Klein, J. and Klein-B{\"{o}}sing, C. and Kliemant, M. and Klovning, A. and Kluge, A. and Knichel, M. L. and Kniege, S. and Koch, K. and Kolevatov, R. and Kolojvari, A. and Kondratiev, V. and Kondratyeva, N. and Konevskih, A. and Korna{\'{s}}, E. and Kour, R. and Kowalski, M. and Kox, S. and Kozlov, K. and Kral, J. and Kr{\'{a}}lik, I. and Kramer, F. and Kraus, I. and Krav{\v{c}}{\'{a}}kov{\'{a}}, A. and Krawutschke, T. and Krivda, M. and Krumbhorn, D. and Krus, M. and Kryshen, E. and Krzewicki, M. and Kucheriaev, Y. and Kuhn, C. and Kuijer, P. G. and Kumar, L. and Kumar, N. and Kupczak, R. and Kurashvili, P. and Kurepin, A. and Kurepin, A. N. and Kuryakin, A. and Kushpil, S. and Kushpil, V. and Kutouski, M. and Kvaerno, H. and Kweon, M. J. and Kwon, Y. and La Rocca, P. and Lackner, F. and Ladr{\'{o}}n de Guevara, P. and Lafage, V. and Lal, C. and Lara, C. and Larsen, D. T. and Laurenti, G. and Lazzeroni, C. and Le Bornec, Y. and Le Bris, N. and Lee, H. and Lee, K. S. and Lee, S. C. and Lef{\`{e}}vre, F. and Lenhardt, M. and Leistam, L. and Lehnert, J. and Lenti, V. and Le{\'{o}}n, H. and Le{\'{o}}n Monz{\'{o}}n, I. and Le{\'{o}}n Vargas, H. and L{\'{e}}vai, P. and Li, X. and Li, Y. and Lietava, R. and Lindal, S. and Lindenstruth, V. and Lippmann, C. and Lisa, M. A. and Liu, L. and Loginov, V. and Lohn, S. and Lopez, X. and L{\'{o}}pez Noriega, M. and L{\'{o}}pez-Ram{\'{i}}rez, R. and L{\'{o}}pez Torres, E. and L{\o}vh{\o}iden, G. and Lozea Feijo Soares, A. and Lu, S. and Lunardon, M. and Luparello, G. and Luquin, L. and Lutz, J.-R. and Ma, K. and Ma, R. and Madagodahettige-Don, D. M. and Maevskaya, A. and Mager, M. and Mahapatra, D. P. and Maire, A. and Makhlyueva, I. and Mal’Kevich, D. and Malaev, M. and Malagalage, K. J. and Maldonado Cervantes, I. and Malek, M. and Malkiewicz, T. and Malzacher, P. and Mamonov, A. and Manceau, L. and Mangotra, L. and Manko, V. and Manso, F. and Manzari, V. and Mao, Y. and Mare{\v{s}}, J. and Margagliotti, G. V. and Margotti, A. and Mar{\'{i}}n, A. and Martashvili, I. and Martinengo, P. and Mart{\'{i}}nez Hern{\'{a}}ndez, M. I. and Mart{\'{i}}nez Davalos, A. and Mart{\'{i}}nez Garc{\'{i}}a, G. and Maruyama, Y. and Marzari Chiesa, A. and Masciocchi, S. and Masera, M. and Masetti, M. and Masoni, A. and Massacrier, L. and Mastromarco, M. and Mastroserio, A. and Matthews, Z. L. and Matyja, A. and Mayani, D. and Mazza, G. and Mazzoni, M. A. and Meddi, F. and Menchaca-Rocha, A. and Mendez Lorenzo, P. and Meoni, M. and Mercado P{\'{e}}rez, J. and Mereu, P. and Miake, Y. and Michalon, A. and Miftakhov, N. and Milano, L. and Milosevic, J. and Minafra, F. and Mischke, A. and Mi{\'{s}}kowiec, D. and Mitu, C. and Mizoguchi, K. and Mlynarz, J. and Mohanty, B. and Molnar, L. and Mondal, M. M. and Monta{\~{n}}o Zetina, L. and Monteno, M. and Montes, E. and Morando, M. and Moretto, S. and Morsch, A. and Moukhanova, T. and Muccifora, V. and Mudnic, E. and Muhuri, S. and M{\"{u}}ller, H. and Munhoz, M. G. and Munoz, J. and Musa, L. and Musso, A. and Nandi, B. K. and Nania, R. and Nappi, E. and Navach, F. and Navin, S. and Nayak, T. K. and Nazarenko, S. and Nazarov, G. and Nedosekin, A. and Nendaz, F. and Newby, J. and Nianine, A. and Nicassio, M. and Nielsen, B. S. and Nikolaev, S. and Nikolic, V. and Nikulin, S. and Nikulin, V. and Nilsen, B. S. and Nilsson, M. S. and Noferini, F. and Nomokonov, P. and Nooren, G. and Novitzky, N. and Nyatha, A. and Nygaard, C. and Nyiri, A. and Nystrand, J. and Ochirov, A. and Odyniec, G. and Oeschler, H. and Oinonen, M. and Okada, K. and Okada, Y. and Oldenburg, M. and Oleniacz, J. and Oppedisano, C. and Orsini, F. and Ortiz Velasquez, A. and Ortona, G. and Oskarsson, A. and Osmic, F. and {\"{O}}sterman, L. and Ostrowski, P. and Otterlund, I. and Otwinowski, J. and {\O}vrebekk, G. and Oyama, K. and Ozawa, K. and Pachmayer, Y. and Pachr, M. and Padilla, F. and Pagano, P. and Pai{\'{c}}, G. and Painke, F. and Pajares, C. and Pal, S. and Pal, S. K. and Palaha, A. and Palmeri, A. and Panse, R. and Papikyan, V. and Pappalardo, G. S. and Park, W. J. and Pastir{\v{c}}{\'{a}}k, B. and Pastore, C. and Paticchio, V. and Pavlinov, A. and Pawlak, T. and Peitzmann, T. and Pepato, A. and Pereira, H. and Peressounko, D. and P{\'{e}}rez, C. and Perini, D. and Perrino, D. and Peryt, W. and Peschek, J. and Pesci, A. and Peskov, V. and Pestov, Y. and Peters, A. J. and Petr{\'{a}}{\v{c}}ek, V. and Petridis, A. and Petris, M. and Petrov, P. and Petrovici, M. and Petta, C. and Peyr{\'{e}}, J. and Piano, S. and Piccotti, A. and Pikna, M. and Pillot, P. and Pinazza, O. and Pinsky, L. and Pitz, N. and Piuz, F. and Platt, R. and P{\l}osko{\'{n}}, M. and Pluta, J. and Pocheptsov, T. and Pochybova, S. and Podesta Lerma, P. L. M. and Poggio, F. and Poghosyan, M. G. and Pol{\'{a}}k, K. and Polichtchouk, B. and Polozov, P. and Polyakov, V. and Pommeresch, B. and Pop, A. and Posa, F. and Posp{\'{i}}{\v{s}}il, V. and Potukuchi, B. and Pouthas, J. and Prasad, S. K. and Preghenella, R. and Prino, F. and Pruneau, C. A. and Pshenichnov, I. and Puddu, G. and Pujahari, P. and Pulvirenti, A. and Punin, A. and Punin, V. and Puti{\v{s}}, M. and Putschke, J. and Quercigh, E. and Rachevski, A. and Rademakers, A. and Radomski, S. and R{\"{a}}ih{\"{a}}, T. S. and Rak, J. and Rakotozafindrabe, A. and Ramello, L. and Ram{\'{i}}rez Reyes, A. and Rammler, M. and Raniwala, R. and Raniwala, S. and R{\"{a}}s{\"{a}}nen, S. S. and Rashevskaya, I. and Rath, S. and Read, K. F. and Real, J. S. and Redlich, K. and Renfordt, R. and Reolon, A. R. and Reshetin, A. and Rettig, F. and Revol, J.-P. and Reygers, K. and Ricaud, H. and Riccati, L. and Ricci, R. A. and Richter, M. and Riedler, P. and Riegler, W. and Riggi, F. and Rivetti, A. and Rodriguez Cahuantzi, M. and R{\o}ed, K. and R{\"{o}}hrich, D. and Rom{\'{a}}n L{\'{o}}pez, S. and Romita, R. and Ronchetti, F. and Rosinsk{\'{y}}, P. and Rosnet, P. and Rossegger, S. and Rossi, A. and Roukoutakis, F. and Rousseau, S. and Roy, C. and Roy, P. and Rubio-Montero, A. J. and Rui, R. and Rusanov, I. and Russo, G. and Ryabinkin, E. and Rybicki, A. and Sadovsky, S. and {\v{S}}afa{\v{r}}{\'{i}}k, K. and Sahoo, R. and Saini, J. and Saiz, P. and Sakata, D. and Salgado, C. A. and Salgueiro Domingues da Silva, R. and Salur, S. and Samanta, T. and Sambyal, S. and Samsonov, V. and {\v{S}}{\'{a}}ndor, L. and Sandoval, A. and Sano, M. and Sano, S. and Santo, R. and Santoro, R. and Sarkamo, J. and Saturnini, P. and Scapparone, E. and Scarlassara, F. and Scharenberg, R. P. and Schiaua, C. and Schicker, R. and Schindler, H. and Schmidt, C. and Schmidt, H. R. and Schossmaier, K. and Schreiner, S. and Schuchmann, S. and Schukraft, J. and Schutz, Y. and Schwarz, K. and Schweda, K. and Scioli, G. and Scomparin, E. and Scott, P. A. and Segato, G. and Semenov, D. and Senyukov, S. and Seo, J. and Serci, S. and Serkin, L. and Serradilla, E. and Sevcenco, A. and Sgura, I. and Shabratova, G. and Shahoyan, R. and Sharkov, G. and Sharma, N. and Sharma, S. and Shigaki, K. and Shimomura, M. and Shtejer, K. and Sibiriak, Y. and Siciliano, M. and Sicking, E. and Siddi, E. and Siemiarczuk, T. and Silenzi, A. and Silvermyr, D. and Simili, E. and Simonetti, G. and Singaraju, R. and Singh, R. and Singhal, V. and Sinha, B. C. and Sinha, T. and Sitar, B. and Sitta, M. and Skaali, T. B. and Skjerdal, K. and Smakal, R. and Smirnov, N. and Snellings, R. and Snow, H. and S{\o}gaard, C. and Soloviev, A. and Soltveit, H. K. and Soltz, R. and Sommer, W. and Son, C. W. and Son, H. and Song, M. and Soos, C. and Soramel, F. and Soyk, D. and Spyropoulou-Stassinaki, M. and Srivastava, B. K. and Stachel, J. and Staley, F. and Stan, E. and Stefanek, G. and Stefanini, G. and Steinbeck, T. and Stenlund, E. and Steyn, G. and Stocco, D. and Stock, R. and Stolpovsky, P. and Strmen, P. and Suaide, A. A. P. and Subieta V{\'{a}}squez, M. A. and Sugitate, T. and Suire, C. and {\v{S}}umbera, M. and Susa, T. and Swoboda, D. and Symons, J. and Szanto de Toledo, A. and Szarka, I. and Szostak, A. and Szuba, M. and Tadel, M. and Tagridis, C. and Takahara, A. and Takahashi, J. and Tanabe, R. and Tapia Takaki, J. D. and Taureg, H. and Tauro, A. and Tavlet, M. and Tejeda Mu{\~{n}}oz, G. and Telesca, A. and Terrevoli, C. and Th{\"{a}}der, J. and Tieulent, R. and Tlusty, D. and Toia, A. and Tolyhy, T. and Torcato de Matos, C. and Torii, H. and Torralba, G. and Toscano, L. and Tosello, F. and Tournaire, A. and Traczyk, T. and Tribedy, P. and Tr{\"{o}}ger, G. and Truesdale, D. and Trzaska, W. H. and Tsiledakis, G. and Tsilis, E. and Tsuji, T. and Tumkin, A. and Turrisi, R. and Turvey, A. and Tveter, T. S. and Tydesj{\"{o}}, H. and Tywoniuk, K. and Ulery, J. and Ullaland, K. and Uras, A. and Urb{\'{a}}n, J. and Urciuoli, G. M. and Usai, G. L. and Vacchi, A. and Vala, M. and Valencia Palomo, L. and Vallero, S. and van der Kolk, N. and Vande Vyvre, P. and van Leeuwen, M. and Vannucci, L. and Vargas, A. and Varma, R. and Vasiliev, A. and Vassiliev, I. and Vasileiou, M. and Vechernin, V. and Venaruzzo, M. and Vercellin, E. and Vergara, S. and Vernet, R. and Verweij, M. and Vetlitskiy, I. and Vickovic, L. and Viesti, G. and Vikhlyantsev, O. and Vilakazi, Z. and Villalobos Baillie, O. and Vinogradov, A. and Vinogradov, L. and Vinogradov, Y. and Virgili, T. and Viyogi, Y. P. and Vodopianov, A. and Voloshin, K. and Voloshin, S. and Volpe, G. and von Haller, B. and Vranic, D. and Vrl{\'{a}}kov{\'{a}}, J. and Vulpescu, B. and Wagner, B. and Wagner, V. and Wallet, L. and Wan, R. and Wang, D. and Wang, Y. and Watanabe, K. and Wen, Q. and Wessels, J. and Westerhoff, U. and Wiechula, J. and Wikne, J. and Wilk, A. and Wilk, G. and Williams, M. C. S. and Willis, N. and Windelband, B. and Xu, C. and Yang, C. and Yang, H. and Yasnopolskiy, S. and Yermia, F. and Yi, J. and Yin, Z. and Yokoyama, H. and Yoo, I-K. and Yuan, X. and Yurevich, V. and Yushmanov, I. and Zabrodin, E. and Zagreev, B. and Zalite, A. and Zampolli, C. and Zanevsky, Yu. and Zaporozhets, S. and Zarochentsev, A. and Z{\'{a}}vada, P. and Zbroszczyk, H. and Zelnicek, P. and Zenin, A. and Zepeda, A. and Zgura, I. and Zhalov, M. and Zhang, X. and Zhou, D. and Zhou, S. and Zhu, J. and Zichichi, A. and Zinchenko, A. and Zinovjev, G. and Zoccarato, Y. and Zych{\'{a}}{\v{c}}ek, V. and Zynovyev, M.},
    number = {7},
    month = {8},
    pages = {072002},
    volume = {105},
    url = {http://link.aps.org/doi/10.1103/PhysRevLett.105.072002},
    doi = {10.1103/PhysRevLett.105.072002},
    issn = {0031-9007}
}

@article{Aamodt2010Charged-particleLHC,
    title = {{Charged-particle multiplicity measurement in proton–proton collisions at {\$}{\textbackslash}sqrt{\{}s{\}}=7{\$}  TeV with ALICE at LHC}},
    year = {2010},
    journal = {The European Physical Journal C},
    author = {Aamodt, K. and Abel, N. and Abeysekara, U. and Abrahantes Quintana, A. and Abramyan, A. and Adamov{\'{a}}, D. and Aggarwal, M. M. and Aglieri Rinella, G. and Agocs, A. G. and Aguilar Salazar, S. and Ahammed, Z. and Ahmad, A. and Ahmad, N. and Ahn, S. U. and Akimoto, R. and Akindinov, A. and Aleksandrov, D. and Alessandro, B. and Alfaro Molina, R. and Alici, A. and Almar{\'{a}}z Avi{\~{n}}a, E. and Alme, J. and Alt, T. and Altini, V. and Altinpinar, S. and Andrei, C. and Andronic, A. and Anelli, G. and Angelov, V. and Anson, C. and Anti{\v{c}}i{\'{c}}, T. and Antinori, F. and Antinori, S. and Antipin, K. and Anto{\'{n}}czyk, D. and Antonioli, P. and Anzo, A. and Aphecetche, L. and Appelsh{\"{a}}user, H. and Arcelli, S. and Arceo, R. and Arend, A. and Armesto, N. and Arnaldi, R. and Aronsson, T. and Arsene, I. C. and Asryan, A. and Augustinus, A. and Averbeck, R. and Awes, T. C. and {\"{A}}yst{\"{o}}, J. and Azmi, M. D. and Bablok, S. and Bach, M. and Badal{\`{a}}, A. and Baek, Y. W. and Bagnasco, S. and Bailhache, R. and Bala, R. and Baldisseri, A. and Baldit, A. and B{\'{a}}n, J. and Barbera, R. and Barnaf{\"{o}}ldi, G. G. and Barnby, L. and Barret, V. and Bartke, J. and Barile, F. and Basile, M. and Basmanov, V. and Bastid, N. and Bathen, B. and Batigne, G. and Batyunya, B. and Baumann, C. and Bearden, I. G. and Becker, B. and Belikov, I. and Bellwied, R. and Belmont-Moreno, E. and Belogianni, A. and Benhabib, L. and Beole, S. and Berceanu, I. and Bercuci, A. and Berdermann, E. and Berdnikov, Y. and Betev, L. and Bhasin, A. and Bhati, A. K. and Bianchi, L. and Bianchi, N. and Bianchin, C. and Biel{\v{c}}{\'{i}}k, J. and Biel{\v{c}}{\'{i}}kov{\'{a}}, J. and Bilandzic, A. and Bimbot, L. and Biolcati, E. and Blanc, A. and Blanco, F. and Blau, D. and Blume, C. and Boccioli, M. and Bock, N. and Bogdanov, A. and B{\o}ggild, H. and Bogolyubsky, M. and Bohm, J. and Boldizs{\'{a}}r, L. and Bombara, M. and Bombonati, C. and Bondila, M. and Borel, H. and Borisov, A. and Bortolin, C. and Bose, S. and Bosisio, L. and Boss{\'{u}}, F. and Botje, M. and B{\"{o}}ttger, S. and Bourdaud, G. and Boyer, B. and Braun, M. and Braun-Munzinger, P. and Bravina, L. and Bregant, M. and Breitner, T. and Bruckner, G. and Brun, R. and Bruna, E. and Bruno, G. E. and Budnikov, D. and Buesching, H. and Buncic, P. and Busch, O. and Buthelezi, Z. and Caffarri, D. and Cai, X. and Caines, H. and Camacho, E. and Camerini, P. and Campbell, M. and Canoa Roman, V. and Capitani, G. P. and Cara Romeo, G. and Carena, F. and Carena, W. and Carminati, F. and Casanova D{\'{i}}az, A. and Caselle, M. and Castillo Castellanos, J. and Castillo Hernandez, J. F. and Catanescu, V. and Cattaruzza, E. and Cavicchioli, C. and Cerello, P. and Chambert, V. and Chang, B. and Chapeland, S. and Charpy, A. and Charvet, J. L. and Chattopadhyay, S. and Cherney, M. and Cheshkov, C. and Cheynis, B. and Chiavassa, E. and Chibante Barroso, V. and Chinellato, D. D. and Chochula, P. and Choi, K. and Chojnacki, M. and Christakoglou, P. and Christensen, C. H. and Christiansen, P. and Chujo, T. and Chuman, F. and Cicalo, C. and Cifarelli, L. and Cindolo, F. and Cleymans, J. and Cobanoglu, O. and Coffin, J.-P. and Coli, S. and Colla, A. and Conesa Balbastre, G. and Conesa del Valle, Z. and Conner, E. S. and Constantin, P. and Contin, G. and Contreras, J. G. and Corrales Morales, Y. and Cormier, T. M. and Cortese, P. and Cort{\'{e}}s Maldonado, I. and Cosentino, M. R. and Costa, F. and Cotallo, M. E. and Crescio, E. and Crochet, P. and Cuautle, E. and Cunqueiro, L. and Cussonneau, J. and Dainese, A. and Dalsgaard, H. H. and Danu, A. and Das, I. and Dash, A. and Dash, S. and Barros, G. O. V. and Caro, A. and Cataldo, G. and Cuveland, J. and Falco, A. and Gaspari, M. and Groot, J. and Gruttola, D. and Marco, N. and Pasquale, S. and Remigis, R. and Rooij, R. and Vaux, G. and Delagrange, H. and Dellacasa, G. and Deloff, A. and Demanov, V. and D{\'{e}}nes, E. and Deppman, A. and D’Erasmo, G. and Derkach, D. and Devaux, A. and Di Bari, D. and Di Giglio, C. and Di Liberto, S. and Di Mauro, A. and Di Nezza, P. and Dialinas, M. and D{\'{i}}az, L. and D{\'{i}}az, R. and Dietel, T. and Divi{\`{a}}, R. and Djuvsland, Ø. and Dobretsov, V. and Dobrin, A. and Dobrowolski, T. and D{\"{o}}nigus, B. and Dom{\'{i}}nguez, I. and Don, D. M. M. and Dordic, O. and Dubey, A. K. and Dubuisson, J. and Ducroux, L. and Dupieux, P. and Dutta Majumdar, A. K. and Dutta Majumdar, M. R. and Elia, D. and Emschermann, D. and Enokizono, A. and Espagnon, B. and Estienne, M. and Esumi, S. and Evans, D. and Evrard, S. and Eyyubova, G. and Fabjan, C. W. and Fabris, D. and Faivre, J. and Falchieri, D. and Fantoni, A. and Fasel, M. and Fateev, O. and Fearick, R. and Fedunov, A. and Fehlker, D. and Fekete, V. and Felea, D. and Fenton-Olsen, B. and Feofilov, G. and Fern{\'{a}}ndez T{\'{e}}llez, A. and Ferreiro, E. G. and Ferretti, A. and Ferretti, R. and Figueredo, M. A. S. and Filchagin, S. and Fini, R. and Fionda, F. M. and Fiore, E. M. and Floris, M. and Fodor, Z. and Foertsch, S. and Foka, P. and Fokin, S. and Formenti, F. and Fragiacomo, E. and Fragkiadakis, M. and Frankenfeld, U. and Frolov, A. and Fuchs, U. and Furano, F. and Furget, C. and Fusco Girard, M. and Gaardh{\o}je, J. J. and Gadrat, S. and Gagliardi, M. and Gago, A. and Gallio, M. and Ganoti, P. and Ganti, M. S. and Garabatos, C. and Garc{\'{i}}a Trapaga, C. and Gebelein, J. and Gemme, R. and Germain, M. and Gheata, A. and Gheata, M. and Ghidini, B. and Ghosh, P. and Giraudo, G. and Giubellino, P. and Gladysz-Dziadus, E. and Glasow, R. and Gl{\"{a}}ssel, P. and Glenn, A. and G{\'{o}}mez Jim{\'{e}}nez, R. and Gonz{\'{a}}lez Santos, H. and Gonz{\'{a}}lez-Trueba, L. H. and Gonz{\'{a}}lez-Zamora, P. and Gorbunov, S. and Gorbunov, Y. and Gotovac, S. and Gottschlag, H. and Grabski, V. and Grajcarek, R. and Grelli, A. and Grigoras, A. and Grigoras, C. and Grigoriev, V. and Grigoryan, A. and Grigoryan, S. and Grinyov, B. and Grion, N. and Gros, P. and Grosse-Oetringhaus, J. F. and Grossiord, J.-Y. and Grosso, R. and Guber, F. and Guernane, R. and Guerzoni, B. and Gulbrandsen, K. and Gulkanyan, H. and Gunji, T. and Gupta, A. and Gupta, R. and Gustafsson, H.-A. and Gutbrod, H. and Haaland, Ø. and Hadjidakis, C. and Haiduc, M. and Hamagaki, H. and Hamar, G. and Hamblen, J. and Han, B. H. and Harris, J. W. and Hartig, M. and Harutyunyan, A. and Hasch, D. and Hasegan, D. and Hatzifotiadou, D. and Hayrapetyan, A. and Heide, M. and Heinz, M. and Helstrup, H. and Herghelegiu, A. and Hern{\'{a}}ndez, C. and Herrera Corral, G. and Herrmann, N. and Hetland, K. F. and Hicks, B. and Hiei, A. and Hille, P. T. and Hippolyte, B. and Horaguchi, T. and Hori, Y. and Hristov, P. and H{\v{r}}ivn{\'{a}}{\v{c}}ov{\'{a}}, I. and Hu, S. and Huang, M. and Huber, S. and Humanic, T. J. and Hutter, D. and Hwang, D. S. and Ichou, R. and Ilkaev, R. and Ilkiv, I. and Inaba, M. and Innocenti, P. G. and Ippolitov, M. and Irfan, M. and Ivan, C. and Ivanov, A. and Ivanov, M. and Ivanov, V. and Iwasaki, T. and Jacho{\l}kowski, A. and Jacobs, P. and Jan{\v{c}}urov{\'{a}}, L. and Jangal, S. and Janik, R. and Jena, C. and Jena, S. and Jirden, L. and Jones, G. T. and Jones, P. G. and Jovanovi{\'{c}}, P. and Jung, H. and Jung, W. and Jusko, A. and Kaidalov, A. B. and Kalcher, S. and Kaliň{\'{a}}k, P. and Kalisky, M. and Kalliokoski, T. and Kalweit, A. and Kamal, A. and Kamermans, R. and Kanaki, K. and Kang, E. and Kang, J. H. and Kapitan, J. and Kaplin, V. and Kapusta, S. and Karavichev, O. and Karavicheva, T. and Karpechev, E. and Kazantsev, A. and Kebschull, U. and Keidel, R. and Khan, M. M. and Khan, S. A. and Khanzadeev, A. and Kharlov, Y. and Kikola, D. and Kileng, B. and Kim, D. J. and Kim, D. S. and Kim, D. W. and Kim, H. N. and Kim, J. and Kim, J. H. and Kim, J. S. and Kim, M. and Kim, S. H. and Kim, S. and Kim, Y. and Kirsch, S. and Kisel, I. and Kiselev, S. and Kisiel, A. and Klay, J. L. and Klein, J. and Klein-B{\"{o}}sing, C. and Kliemant, M. and Klovning, A. and Kluge, A. and Knichel, M. L. and Kniege, S. and Koch, K. and Kolevatov, R. and Kolojvari, A. and Kondratiev, V. and Kondratyeva, N. and Konevskih, A. and Korna{\'{s}}, E. and Kour, R. and Kowalski, M. and Kox, S. and Kozlov, K. and Kral, J. and Kr{\'{a}}lik, I. and Kramer, F. and Kraus, I. and Krav{\v{c}}{\'{a}}kov{\'{a}}, A. and Krawutschke, T. and Krivda, M. and Krumbhorn, D. and Krus, M. and Kryshen, E. and Krzewicki, M. and Kucheriaev, Y. and Kuhn, C. and Kuijer, P. G. and Kumar, L. and Kumar, N. and Kupczak, R. and Kurashvili, P. and Kurepin, A. and Kurepin, A. N. and Kuryakin, A. and Kushpil, S. and Kushpil, V. and Kutouski, M. and Kvaerno, H. and Kweon, M. J. and Kwon, Y. and La Rocca, P. and Lackner, F. and Ladr{\'{o}}n de Guevara, P. and Lafage, V. and Lal, C. and Lara, C. and Larsen, D. T. and Laurenti, G. and Lazzeroni, C. and Le Bornec, Y. and Le Bris, N. and Lee, H. and Lee, K. S. and Lee, S. C. and Lef{\`{e}}vre, F. and Lenhardt, M. and Leistam, L. and Lehnert, J. and Lenti, V. and Le{\'{o}}n, H. and Le{\'{o}}n Monz{\'{o}}n, I. and Le{\'{o}}n Vargas, H. and L{\'{e}}vai, P. and Li, X. and Li, Y. and Lietava, R. and Lindal, S. and Lindenstruth, V. and Lippmann, C. and Lisa, M. A. and Liu, L. and Loginov, V. and Lohn, S. and Lopez, X. and L{\'{o}}pez Noriega, M. and L{\'{o}}pez-Ram{\'{i}}rez, R. and L{\'{o}}pez Torres, E. and L{\o}vh{\o}iden, G. and Lozea Feijo Soares, A. and Lu, S. and Lunardon, M. and Luparello, G. and Luquin, L. and Lutz, J.-R. and Ma, K. and Ma, R. and Madagodahettige-Don, D. M. and Maevskaya, A. and Mager, M. and Mahapatra, D. P. and Maire, A. and Makhlyueva, I. and Mal’Kevich, D. and Malaev, M. and Malagalage, K. J. and Maldonado Cervantes, I. and Malek, M. and Malkiewicz, T. and Malzacher, P. and Mamonov, A. and Manceau, L. and Mangotra, L. and Manko, V. and Manso, F. and Manzari, V. and Mao, Y. and Mare{\v{s}}, J. and Margagliotti, G. V. and Margotti, A. and Mar{\'{i}}n, A. and Martashvili, I. and Martinengo, P. and Mart{\'{i}}nez Hern{\'{a}}ndez, M. I. and Mart{\'{i}}nez Davalos, A. and Mart{\'{i}}nez Garc{\'{i}}a, G. and Maruyama, Y. and Marzari Chiesa, A. and Masciocchi, S. and Masera, M. and Masetti, M. and Masoni, A. and Massacrier, L. and Mastromarco, M. and Mastroserio, A. and Matthews, Z. L. and Matyja, A. and Mayani, D. and Mazza, G. and Mazzoni, M. A. and Meddi, F. and Menchaca-Rocha, A. and Mendez Lorenzo, P. and Meoni, M. and Mercado P{\'{e}}rez, J. and Mereu, P. and Miake, Y. and Michalon, A. and Miftakhov, N. and Milosevic, J. and Minafra, F. and Mischke, A. and Mi{\'{s}}kowiec, D. and Mitu, C. and Mizoguchi, K. and Mlynarz, J. and Mohanty, B. and Molnar, L. and Mondal, M. M. and Monta{\~{n}}o Zetina, L. and Monteno, M. and Montes, E. and Morando, M. and Moretto, S. and Morsch, A. and Moukhanova, T. and Muccifora, V. and Mudnic, E. and Muhuri, S. and M{\"{u}}ller, H. and Munhoz, M. G. and Munoz, J. and Musa, L. and Musso, A. and Nandi, B. K. and Nania, R. and Nappi, E. and Navach, F. and Navin, S. and Nayak, T. K. and Nazarenko, S. and Nazarov, G. and Nedosekin, A. and Nendaz, F. and Newby, J. and Nianine, A. and Nicassio, M. and Nielsen, B. S. and Nikolaev, S. and Nikolic, V. and Nikulin, S. and Nikulin, V. and Nilsen, B. S. and Nilsson, M. S. and Noferini, F. and Nomokonov, P. and Nooren, G. and Novitzky, N. and Nyatha, A. and Nygaard, C. and Nyiri, A. and Nystrand, J. and Ochirov, A. and Odyniec, G. and Oeschler, H. and Oinonen, M. and Okada, K. and Okada, Y. and Oldenburg, M. and Oleniacz, J. and Oppedisano, C. and Orsini, F. and Ortiz Velasquez, A. and Ortona, G. and Oskarsson, A. and Osmic, F. and {\"{O}}sterman, L. and Ostrowski, P. and Otterlund, I. and Otwinowski, J. and {\O}vrebekk, G. and Oyama, K. and Ozawa, K. and Pachmayer, Y. and Pachr, M. and Padilla, F. and Pagano, P. and Pai{\'{c}}, G. and Painke, F. and Pajares, C. and Pal, S. and Pal, S. K. and Palaha, A. and Palmeri, A. and Panse, R. and Papikyan, V. and Pappalardo, G. S. and Park, W. J. and Pastir{\v{c}}{\'{a}}k, B. and Pastore, C. and Paticchio, V. and Pavlinov, A. and Pawlak, T. and Peitzmann, T. and Pepato, A. and Pereira, H. and Peressounko, D. and P{\'{e}}rez, C. and Perini, D. and Perrino, D. and Peryt, W. and Peschek, J. and Pesci, A. and Peskov, V. and Pestov, Y. and Peters, A. J. and Petr{\'{a}}{\v{c}}ek, V. and Petridis, A. and Petris, M. and Petrov, P. and Petrovici, M. and Petta, C. and Peyr{\'{e}}, J. and Piano, S. and Piccotti, A. and Pikna, M. and Pillot, P. and Pinazza, O. and Pinsky, L. and Pitz, N. and Piuz, F. and Platt, R. and P{\l}osko{\'{n}}, M. and Pluta, J. and Pocheptsov, T. and Pochybova, S. and Podesta Lerma, P. L. M. and Poggio, F. and Poghosyan, M. G. and Pol{\'{a}}k, K. and Polichtchouk, B. and Polozov, P. and Polyakov, V. and Pommeresch, B. and Pop, A. and Posa, F. and Posp{\'{i}}{\v{s}}il, V. and Potukuchi, B. and Pouthas, J. and Prasad, S. K. and Preghenella, R. and Prino, F. and Pruneau, C. A. and Pshenichnov, I. and Puddu, G. and Pujahari, P. and Pulvirenti, A. and Punin, A. and Punin, V. and Puti{\v{s}}, M. and Putschke, J. and Quercigh, E. and Rachevski, A. and Rademakers, A. and Radomski, S. and R{\"{a}}ih{\"{a}}, T. S. and Rak, J. and Rakotozafindrabe, A. and Ramello, L. and Ram{\'{i}}rez Reyes, A. and Rammler, M. and Raniwala, R. and Raniwala, S. and R{\"{a}}s{\"{a}}nen, S. S. and Rashevskaya, I. and Rath, S. and Read, K. F. and Real, J. S. and Redlich, K. and Renfordt, R. and Reolon, A. R. and Reshetin, A. and Rettig, F. and Revol, J.-P. and Reygers, K. and Ricaud, H. and Riccati, L. and Ricci, R. A. and Richter, M. and Riedler, P. and Riegler, W. and Riggi, F. and Rivetti, A. and Rodriguez Cahuantzi, M. and R{\o}ed, K. and R{\"{o}}hrich, D. and Rom{\'{a}}n L{\'{o}}pez, S. and Romita, R. and Ronchetti, F. and Rosinsk{\'{y}}, P. and Rosnet, P. and Rossegger, S. and Rossi, A. and Roukoutakis, F. and Rousseau, S. and Roy, C. and Roy, P. and Rubio-Montero, A. J. and Rui, R. and Rusanov, I. and Russo, G. and Ryabinkin, E. and Rybicki, A. and Sadovsky, S. and {\v{S}}afa{\v{r}}{\'{i}}k, K. and Sahoo, R. and Saini, J. and Saiz, P. and Sakata, D. and Salgado, C. A. and Salgueiro Domingues da Silva, R. and Salur, S. and Samanta, T. and Sambyal, S. and Samsonov, V. and {\v{S}}{\'{a}}ndor, L. and Sandoval, A. and Sano, M. and Sano, S. and Santo, R. and Santoro, R. and Sarkamo, J. and Saturnini, P. and Scapparone, E. and Scarlassara, F. and Scharenberg, R. P. and Schiaua, C. and Schicker, R. and Schindler, H. and Schmidt, C. and Schmidt, H. R. and Schossmaier, K. and Schreiner, S. and Schuchmann, S. and Schukraft, J. and Schutz, Y. and Schwarz, K. and Schweda, K. and Scioli, G. and Scomparin, E. and Segato, G. and Semenov, D. and Senyukov, S. and Seo, J. and Serci, S. and Serkin, L. and Serradilla, E. and Sevcenco, A. and Sgura, I. and Shabratova, G. and Shahoyan, R. and Sharkov, G. and Sharma, N. and Sharma, S. and Shigaki, K. and Shimomura, M. and Shtejer, K. and Sibiriak, Y. and Siciliano, M. and Sicking, E. and Siddi, E. and Siemiarczuk, T. and Silenzi, A. and Silvermyr, D. and Simili, E. and Simonetti, G. and Singaraju, R. and Singh, R. and Singhal, V. and Sinha, B. C. and Sinha, T. and Sitar, B. and Sitta, M. and Skaali, T. B. and Skjerdal, K. and Smakal, R. and Smirnov, N. and Snellings, R. and Snow, H. and S{\o}gaard, C. and Soloviev, A. and Soltveit, H. K. and Soltz, R. and Sommer, W. and Son, C. W. and Son, H. and Song, M. and Soos, C. and Soramel, F. and Soyk, D. and Spyropoulou-Stassinaki, M. and Srivastava, B. K. and Stachel, J. and Staley, F. and Stan, E. and Stefanek, G. and Stefanini, G. and Steinbeck, T. and Stenlund, E. and Steyn, G. and Stocco, D. and Stock, R. and Stolpovsky, P. and Strmen, P. and Suaide, A. A. P. and Subieta V{\'{a}}squez, M. A. and Sugitate, T. and Suire, C. and {\v{S}}umbera, M. and Susa, T. and Swoboda, D. and Symons, J. and Szanto de Toledo, A. and Szarka, I. and Szostak, A. and Szuba, M. and Tadel, M. and Tagridis, C. and Takahara, A. and Takahashi, J. and Tanabe, R. and Tapia Takaki, D. J. and Taureg, H. and Tauro, A. and Tavlet, M. and Tejeda Mu{\~{n}}oz, G. and Telesca, A. and Terrevoli, C. and Th{\"{a}}der, J. and Tieulent, R. and Tlusty, D. and Toia, A. and Tolyhy, T. and Torcato de Matos, C. and Torii, H. and Torralba, G. and Toscano, L. and Tosello, F. and Tournaire, A. and Traczyk, T. and Tribedy, P. and Tr{\"{o}}ger, G. and Truesdale, D. and Trzaska, W. H. and Tsiledakis, G. and Tsilis, E. and Tsuji, T. and Tumkin, A. and Turrisi, R. and Turvey, A. and Tveter, T. S. and Tydesj{\"{o}}, H. and Tywoniuk, K. and Ulery, J. and Ullaland, K. and Uras, A. and Urb{\'{a}}n, J. and Urciuoli, G. M. and Usai, G. L. and Vacchi, A. and Vala, M. and Valencia Palomo, L. and Vallero, S. and Kolk, N. and Vande Vyvre, P. and Leeuwen, M. and Vannucci, L. and Vargas, A. and Varma, R. and Vasiliev, A. and Vassiliev, I. and Vasileiou, M. and Vechernin, V. and Venaruzzo, M. and Vercellin, E. and Vergara, S. and Vernet, R. and Verweij, M. and Vetlitskiy, I. and Vickovic, L. and Viesti, G. and Vikhlyantsev, O. and Vilakazi, Z. and Villalobos Baillie, O. and Vinogradov, A. and Vinogradov, L. and Vinogradov, Y. and Virgili, T. and Viyogi, Y. P. and Vodopianov, A. and Voloshin, K. and Voloshin, S. and Volpe, G. and Haller, B. and Vranic, D. and Vrl{\'{a}}kov{\'{a}}, J. and Vulpescu, B. and Wagner, B. and Wagner, V. and Wallet, L. and Wan, R. and Wang, D. and Wang, Y. and Watanabe, K. and Wen, Q. and Wessels, J. and Westerhoff, U. and Wiechula, J. and Wikne, J. and Wilk, A. and Wilk, G. and Williams, M. C. S. and Willis, N. and Windelband, B. and Xu, C. and Yang, C. and Yang, H. and Yasnopolskiy, S. and Yermia, F. and Yi, J. and Yin, Z. and Yokoyama, H. and Yoo, I.-K. and Yuan, X. and Yurevich, V. and Yushmanov, I. and Zabrodin, E. and Zagreev, B. and Zalite, A. and Zampolli, C. and Zanevsky, Yu. and Zaporozhets, S. and Zarochentsev, A. and Z{\'{a}}vada, P. and Zbroszczyk, H. and Zelnicek, P. and Zenin, A. and Zepeda, A. and Zgura, I. and Zhalov, M. and Zhang, X. and Zhou, D. and Zhou, S. and Zhu, J. and Zichichi, A. and Zinchenko, A. and Zinovjev, G. and Zoccarato, Y. and Zych{\'{a}}{\v{c}}ek, V. and Zynovyev, M.},
    number = {3-4},
    month = {6},
    pages = {345--354},
    volume = {68},
    url = {http://www.springerlink.com/index/10.1140/epjc/s10052-010-1350-2},
    doi = {10.1140/epjc/s10052-010-1350-2},
    issn = {1434-6044}
}

@article{Bornmann2014BRICSPapers,
    title = {{BRICS countries and scientific excellence: A bibliometric analysis of most frequently-cited papers}},
    year = {2014},
    author = {Bornmann, Lutz and Wagner, Caroline and Leydesdorff, Loet},
    month = {4},
    url = {http://arxiv.org/abs/1404.3721},
    arxivId = {1404.3721}
}

@article{Haustein2015InterpretingTheories,
    title = {{Interpreting "altmetrics": viewing acts on social media through the lens of citation and social theories}},
    year = {2015},
    author = {Haustein, Stefanie and Bowman, Timothy D. and Costas, Rodrigo},
    month = {2},
    url = {http://arxiv.org/abs/1502.05701},
    arxivId = {1502.05701}
}

@article{Leydesdorff2015JournalComparisons,
    title = {{Journal Portfolio Analysis for Countries, Cities, and Organizations: Maps and Comparisons}},
    year = {2015},
    author = {Leydesdorff, Loet and Heimeriks, Gaston and Rotolo, Daniele},
    month = {2},
    url = {http://arxiv.org/abs/1502.05676},
    arxivId = {1502.05676}
}

@article{Abernethy2015ActivelyLearning,
    title = {{Actively Purchasing Data for Learning}},
    year = {2015},
    author = {Abernethy, Jacob and Chen, Yiling and Ho, Chien-Ju and Waggoner, Bo},
    month = {2},
    pages = {35},
    url = {http://arxiv.org/abs/1502.05774},
    arxivId = {1502.05774}
}

@article{Subramanian2015ACloud,
    title = {{A Study on Optimized Resource Provisioning in Federated Cloud}},
    year = {2015},
    author = {Subramanian, Thiruselvan and Savarimuthu, Nickolas},
    month = {3},
    url = {http://arxiv.org/abs/1503.03579},
    arxivId = {1503.03579}
}

@article{Wu2015Rhapsody-GGalaxies,
    title = {{Rhapsody-G simulations: Galaxy clusters as baryonic closed boxes and the covariance between hot gas and galaxies}},
    year = {2015},
    author = {Wu, Hao-Yi and Evrard, August E. and Hahn, Oliver and Martizzi, Davide and Teyssier, Romain and Wechsler, Risa H.},
    month = {3},
    pages = {9},
    url = {http://arxiv.org/abs/1503.03924},
    arxivId = {1503.03924}
}

@article{Chang2011LIBSVMMachines.,
    title = {{LIBSVM : a library for support vector machines.}},
    year = {2011},
    journal = {ACM Transactions on Intelligent Systems and Technology},
    author = {Chang, Chih-Chung and Lin, Chih-Jen},
    number = {3},
    pages = {27:1--27:27},
    volume = {2},
    url = {http://www.csie.ntu.edu.tw/{\~{}}cjlin/libsvm}
}